@misc{Hess18,
	title	= "A General Framework for Homotopic Descent and Codescent",
	author	= "Kathryn Hess",
	year	= "2018"
}

@misc{Mesablishvili06,
	title	= "Monads of effective descent type and comonadicity",
	author	= "B. Mesablishvili",
	year	= "2006"
}

@misc{HA,
	title	= "Higher Algebra",
	author	= "Jacob Lurie",
	year	= "2017"
}

@article{Ando2013,
	doi = {10.1112/jtopol/jtt035},
	url = {https://doi.org/10.1112\%2Fjtopol\%2Fjtt035},
	year = {2013},
	month = {oct},
	publisher = {Wiley},
	volume = {7},
	number = {3},
	pages = {869--893},
	author = {Matthew Ando
	   	and Charles Rezk
		and Andrew J. Blumberg
		and David Gepner
		and Michael J. Hopkins},
	title = {An {$\infty$}-categorical approach to {$R$}-line bundles, 
	  {$R$}-module Thom spectra, and twisted {$R$}-homology},
	journal = {Journal of Topology}
}

@misc{Ando2008,
  doi = {10.48550/ARXIV.0810.4535},
  url = {https://arxiv.org/abs/0810.4535},
  author = {Ando, Matthew
	    and Blumberg, Andrew J.
	    and Gepner, David J.
	    and Hopkins, Michael J.
	    and Rezk, Charles},
  keywords = {Algebraic Topology (math.AT), FOS: Mathematics, FOS: Mathematics, 55N20},
  title = {Units of ring spectra and Thom spectra},
  publisher = {arXiv},
  year = {2008},
  copyright = {arXiv.org perpetual, non-exclusive license}
}

@misc{Mazel-Gee2018,
  doi = {10.48550/ARXIV.1812.07624},
  url = {https://arxiv.org/abs/1812.07624},
  author = {Mazel-Gee, Aaron},
  keywords = {Algebraic Topology (math.AT), Category Theory (math.CT), FOS: Mathematics},
  title = {Goerss--Hopkins obstruction theory for {$\infty$}-categories},
  publisher = {arXiv},
  year = {2018},
  copyright = {arXiv.org perpetual, non-exclusive license}
}

@book{HoTT,
  author =    "The {Univalent Foundations Program}",
  title =     {Homotopy Type Theory: Univalent Foundations of Mathematics},
  publisher = {\url{https://homotopytypetheory.org/book}},
  address =   {Institute for Advanced Study},
  year =      {2013}}


